<record><leader>00000cas a22000007a 4500</leader><controlfield tag="001">10677697</controlfield><controlfield tag="008">840501c19749999mauwr ne      0   a0eng d</controlfield><datafield ind1=" " ind2=" " tag="010"><subfield code="a">sn 84005250 </subfield></datafield><datafield ind1=" " ind2=" " tag="040"><subfield code="a">NSD</subfield><subfield code="b">eng</subfield><subfield code="c">NSD</subfield><subfield code="d">MGN</subfield><subfield code="d">OCLCQ</subfield></datafield><datafield ind1=" " ind2=" " tag="012"><subfield code="m">1</subfield></datafield><datafield ind1="1" ind2=" " tag="022"><subfield code="a">0747-2625</subfield><subfield code="l">0747-2625</subfield><subfield code="2">1</subfield></datafield><datafield ind1=" " ind2=" " tag="032"><subfield code="a">315450</subfield><subfield code="b">USPS</subfield></datafield><datafield ind1=" " ind2=" " tag="037"><subfield code="b">The Cape Cod Chronicle, P.O. Box 766, Chatham, MA 02633</subfield></datafield><datafield ind1=" " ind2=" " tag="042"><subfield code="a">nsdp</subfield></datafield><datafield ind1=" " ind2="4" tag="222"><subfield code="a">The Cape Cod chronicle</subfield></datafield><datafield ind1="0" ind2="0" tag="245"><subfield code="a">Cape Cod's chronicle.</subfield></datafield><datafield ind1=" " ind2=" " tag="260"><subfield code="a">Chatham, MA :</subfield><subfield code="b">Chatham Shopper News, Inc.</subfield></datafield><datafield ind1=" " ind2=" " tag="310"><subfield code="a">Weekly</subfield></datafield><datafield ind1="0" ind2=" " tag="362"><subfield code="a">Vol. 9, no. 10 (Feb. 7, 1974)-</subfield></datafield><datafield ind1=" " ind2=" " tag="500"><subfield code="a">Published as: Cape Cod chronicle, &lt;Apr. 18, 1974&gt;-</subfield></datafield><datafield ind1=" " ind2=" " tag="752"><subfield code="a">United States</subfield><subfield code="b">Massachusetts</subfield><subfield code="c">Barnstable</subfield><subfield code="d">Chatham.</subfield></datafield><datafield ind1=" " ind2=" " tag="752"><subfield code="a">United States</subfield><subfield code="b">Massachusetts</subfield><subfield code="c">Barnstable</subfield><subfield code="d">Brewster.</subfield></datafield><datafield ind1=" " ind2=" " tag="752"><subfield code="a">United States</subfield><subfield code="b">Massachusetts</subfield><subfield code="c">Barnstable</subfield><subfield code="d">Eastham.</subfield></datafield><datafield ind1=" " ind2=" " tag="752"><subfield code="a">United States</subfield><subfield code="b">Massachusetts</subfield><subfield code="c">Barnstable</subfield><subfield code="d">Harwich.</subfield></datafield><datafield ind1=" " ind2=" " tag="752"><subfield code="a">United States</subfield><subfield code="b">Massachusetts</subfield><subfield code="c">Barnstable</subfield><subfield code="d">Orleans.</subfield></datafield><datafield ind1="0" ind2="0" tag="780"><subfield code="t">Lower Cape Cod chronicle</subfield><subfield code="w">(DLC)sn 89062206</subfield></datafield><datafield ind1=" " ind2=" " tag="936"><subfield code="a">Apr. 5, 1984</subfield></datafield></record>